@article{lindstrom2004software,
  title={A software measurement case study using GQM},
  author={Lindstrom, Bjorn},
  journal={Lund University, USA},
  year={2004}
}

@phdthesis{barreto2011abordagem,
  title={Uma Abordagem para Defini{\c{c}}{\~a}o de Processos Baseada em Reutiliza{\c{c}}{\~a}o Visando {\`a} Alta Maturidade em Processos},
  author={Barreto, Ahilton Silva},
  year={2011},
  school={Universidade Federal do Rio de Janeiro}
}

@book{PDTI,
  title={Plano Diretor de Tecnologia da Informção da Agência Espacial Brasileira},
  author={Agência Espacial Brasileira},
  year={2016}
}

@book{bass1999constructing,
  title={Constructing Superior Software; Applying Proven Practices},
  author={Bass, Len and Clements, Paul},
  year={1999},
  publisher={New Riders Publishing}
}
